% Martin's refs
@inproceedings{Bege14,
  title={Analyze this! 145 questions for data scientists in software engineering},
  author={Begel, A. and Zimmermann, T.},
  booktitle={Proceedings of the 36th ACM International Conference on Software Engineering},
  pages={12--23},
  year={2014},
  organization={ACM}
}

@incollection{deb2014multi,
  title={Multi-objective optimization},
  author={Deb, Kalyanmoy},
  booktitle={Search methodologies},
  pages={403--449},
  year={2014},
  publisher={Springer}
}

@article{Bend01,
  title={Adjusting for multiple testing—when and how?},
  author={Bender, R. and Lange, S.},
  journal={Journal of Clinical Epidemiology},
  volume={54},
  number={4},
  pages={343--349},
  year={2001}
}

@article{booth1997value,
  title={The value of structured abstracts in information retrieval from MEDLINE},
  author={Booth, Andrew and O’Rourke, Alan},
  journal={Health libraries review},
  volume={14},
  number={3},
  pages={157--166},
  year={1997},
  publisher={Wiley Online Library}
}

@ARTICLE{4460893, 
author={B. A. Kitchenham and O. P. Brereton and S. Owen and J. Butcher and C. Jefferies}, 
journal={IET Software}, 
title={Length and readability of structured software engineering abstracts}, 
year={2008}, 
volume={2}, 
number={1}, 
pages={37-45}, 
keywords={data structures;Internet;software engineering;structured software engineering abstracts;abstracts quality;Web tools;automated readability index;Flesch reading ease index;Abstracts;Software engineering;Book reviews;Materials;Indexes;Guidelines;Software}, 
month={February},}


@inproceedings{stol2016grounded,
  title={Grounded theory in software engineering research: a critical review and guidelines},
  author={Stol, Klaas-Jan and Ralph, Paul and Fitzgerald, Brian},
  booktitle={Software Engineering (ICSE), 2016 IEEE/ACM 38th International Conference on},
  pages={120--131},
  year={2016},
  organization={IEEE}
}
@article{ko2015practical,
  title={A practical guide to controlled experiments of software engineering tools with human participants},
  author={Ko, Andrew J and Latoza, Thomas D and Burnett, Margaret M},
  journal={Empirical Software Engineering},
  volume={20},
  number={1},
  pages={110--141},
  year={2015},
  publisher={Springer}
}

@article{petersen2015guidelines,
  title={Guidelines for conducting systematic mapping studies in software engineering: An update},
  author={Petersen, Kai and Vakkalanka, Sairam and Kuzniarz, Ludwik},
  journal={Information and Software Technology},
  volume={64},
  pages={1--18},
  year={2015},
  publisher={Elsevier}
}


@incollection{easterbrook2008selecting,
  title={Selecting empirical methods for software engineering research},
  author={Easterbrook, Steve and Singer, Janice and Storey, Margaret-Anne and Damian, Daniela},
  booktitle={Guide to advanced empirical software engineering},
  pages={285--311},
  year={2008},
  publisher={Springer}
}

@article{cruzes2011research,
  title={Research synthesis in software engineering: A tertiary study},
  author={Cruzes, Daniela S and Dyb{\aa}, Tore},
  journal={Information and Software Technology},
  volume={53},
  number={5},
  pages={440--455},
  year={2011},
  publisher={Elsevier}
}

@article{Benj01,
   author = {Benjamini, Y. and Yekutieli, D.},
   title = {The Control of the False Discovery Rate in Multiple Testing under Dependency},
   journal = {The Annals of Statistics},
   volume = {29},
   number = {4},
   pages = {1165--1188},
   year = {2001},
   type = {Journal Article}
}

@article{Blai85,
  title={Comparison of the power of the paired samples t test to that of Wilcoxon's signed-ranks test under various population shapes.},
  author={Blair, C. and Higgins, J.},
  journal={Psychological Bulletin},
  volume={97},
  number={1},
  pages={119--128},
  year={1985}
}

@book{Bore09,
   author = {Borenstein, M. and Hedges, L. and Higgins, J.  and Rothstein, H.},
   title = {Introduction to Meta-Analysis},
   publisher = {Wiley},
   address = {Chichester, West Sussex, UK},
   year = {2009}
}

@article{MathewAM16,
  author    = {George Mathew and
               Amritanshu Agrawal and
               Tim Menzies},
  title     = {Trends in Topics at {SE} Conferences {(1993-2013)}},
  journal   = {CoRR},
  volume    = {abs/1608.08100},
  year      = {2016},
  url       = {http://arxiv.org/abs/1608.08100},
  archivePrefix = {arXiv},
  eprint    = {1608.08100},
  timestamp = {Mon, 18 Dec 2017 15:54:04 +0100},
  biburl    = {https://dblp.org/rec/bib/journals/corr/MathewAM16},
  bibsource = {dblp computer science bibliography, https://dblp.org}
}

@inproceedings{Bosu13,
  title={Data quality in empirical software engineering: a targeted review},
  author={Bosu, M. and MacDonell, S.},
  booktitle={Proceedings of the 17th International Conference on Evaluation and Assessment in Software Engineering},
  pages={171--176},
  year={2013},
  organization={ACM}
}

@article{Budg11,
  title={Reporting computing projects through structured abstracts: a quasi-experiment},
  author={Budgen, D. and Burn, A. and Kitchenham, B.},
  journal={Empirical Software Engineering},
  volume={16},
  number={2},
  pages={244--277},
  year={2011}
}

@article{Butt13,
  title={Power failure: why small sample size undermines the reliability of neuroscience},
  author={Button, K. and Ioannidis, J. and Mokrysz, C. and Nosek, B. and Flint, J. and Robinson, E. and Munaf{\`o}, M.},
  journal={Nature Reviews Neuroscience},
  volume={14},
  number={5},
  pages={365},
  year={2013}
}

@article{Carp00,
  title={Bootstrap confidence intervals: when, which, what? A practical guide for medical statisticians},
  author={Carpenter, J. and Bithell, J.},
  journal={Statistics in Medicine},
  volume={19},
  number={9},
  pages={1141--1164},
  year={2000}
}

@article{Cawl10,
  title={On over-fitting in model selection and subsequent selection bias in performance evaluation},
  author={Cawley, G. and Talbot, N.},
  journal={Journal of Machine Learning Research},
  volume={11},
  number={7},
  pages={2079--2107},
  year={2010}
}

@book{Cohe88,
   author = {Cohen, J.},
   title = {Statistical Power Analysis for the Behavioral Sciences},
   publisher = {Lawrence Earlbaum Associates},
   address = {Hillsdale, NJ},
   edition = {2nd},
   year = {1988},
   type = {Book}
}

@article{Cohe92,
   author = {Cohen, J.},
   title = {A power primer},
   journal = {Pyschological Bulletin},
   volume = {112},
   number = {1},
   pages = {155--159},
   year = {1992},
   type = {Journal Article}
}

@article{Colq14,
   author = {Colquhoun, D.},
   title = {An investigation of the false discovery rate and the misinterpretation of p-values},
   journal = {Royal Society Open Science},
   volume = {1},
   number = {140216},
   year = {2014},
   type = {Journal Article}
}

@inproceedings{Deva16,
  title={Belief \& evidence in empirical software engineering},
  author={Devanbu, P. and Zimmermann, T. and Bird, C.},
  booktitle={IEEE/ACM 38th International Conference on Software Engineering (ICSE)},
  pages={108--119},
  year={2016},
  organization={IEEE}
}

@article{DeVe05,
   author = {De Veaux, R.D. and Hand, D.J.},
   title = {How to Lie with Bad Data},
   journal = {Statistical Science},
   volume = {20},
   number = {3},
   pages = {231–-238},
   year = {2005},
   type = {Journal Article}
}

@article{Dyba06,
  title={A systematic review of statistical power in software engineering experiments},
  author={Dyb{\aa}, T. and Kampenes, V. and Sj{\o}berg, D.},
  journal={Information and Software Technology},
  volume={48},
  number={8},
  pages={745--755},
  year={2006}
}

@inproceedings{Dyba08,
  title={Strength of evidence in systematic reviews in software engineering},
  author={Dyb{\aa}, Tore and Dings{\o}yr, Torgeir},
  booktitle={Proceedings of the 2nd ACM-IEEE international Symposium on Empirical Software Engineering and Measurement},
  pages={178--187},
  year={2008},
  organization={ACM}
)

@article{Earp15,
  title={Replication, falsification, and the crisis of confidence in social psychology},
  author={Earp, B. and Trafimow, D.},
  journal={Frontiers in Psychology},
  volume={6},
  pages={621--6322},
  year={2015}
}

@book{Elli10,
   author = {Ellis, P.},
   title = {The Essential Guide to Effect Sizes: Statistical Power, Meta-Analysis, and the Interpretation of Research Results},
   publisher = {Cambridge University Press},
   year = {2010},
   type = {Book}
}

@article{Erce08,
  title={Modern robust statistical methods: an easy way to maximize the accuracy and power of your research.},
  author={Erceg-Hurn, D. and Mirosevich, V.},
  journal={American Psychologist},
  volume={63},
  number={7},
  pages={591--601},
  year={2008}
}

@book{Gelm13,
   author = {Gelman, A. and Carlin, J. and Stern, H. and Dunson, D. and Vehtari, A.  and Rubin, D.},
   title = {Bayesian data analysis},
   publisher = {CRC},
   edition = {3rd},
   year = {2013},
   type = {Book}
}

@article{Good16,
  title={What does research reproducibility mean?},
  author={Goodman, S. and Fanelli, D. and Ioannidis, J.},
  journal={Science Translational Medicine},
  volume={8},
  number={341},
  pages={341ps12--341ps12},
  year={2016}
}

@article{Gust93,
   author = {Courtney, R. and Gustafson, D.},
   title = {Shotgun correlations in software measures},
   journal = {Software Engineering Journal},
   volume = {8},
   number = {1},
   pages = {5--13},
   year = {1993},
   type = {Journal Article}
}

@article{Hawk04,
  title={The problem of overfitting},
  author={Hawkins, D.},
  journal={Journal of Chemical Information and Computer Sciences},
  volume={44},
  number={1},
  pages={1--12},
  year={2004}
}

@book{Heal18,
  title={Data Visualization: A Practical Introduction},
  author={Healy, K.},
  year={2018},
  publisher={Princeton University Press}
}

@book{Hoag83,
   author = {Hoaglin, D. and Mosteller, F. and Tukey, J.},
   title = {Understanding Robust and Exploratory Data Analysis},
   publisher = {John Wiley and Sons},
   year = {1983},
   type = {Book}
}

@article{Huan17,
  title={Power, false discovery rate and Winner's Curse in {eQTL} studies},
  author={Huang, Q. and Ritchie, S. and Brozynska, M. and Inouye, M.},
  journal={bioRxiv},
  pages={209171},
  year={2017}
}

@article{Ioan05,
author = {Ioannidis, J.},
title = {{Why most published research findings are false}},
journal = {PLoS Medicine},
year = {2005},
volume = {2},
number = {8},
pages = {e124--6},
}

@article{Ivar11,
  title={A method for evaluating rigor and industrial relevance of technology evaluations},
  author={Ivarsson, M. and Gorschek, T.},
  journal={Empirical Software Engineering},
  volume={16},
  number={3},
  pages={365--395},
  year={2011}
}

@article{John12,
  title={Where's the theory for software engineering?},
  author={Johnson, P. and Ekstedt, M. and Jacobson, I.},
  journal={IEEE software},
  volume={29},
  number={5},
  pages={96--96},
  year={2012}
}

@article{Jorg16,
   author = {J{\o}rgensen, M. and Dyb{\aa}, T. and Liest{\o}l, K. and Sj{\o}berg, D.},
   title = {Incorrect Results in Software Engineering Experiments: How to Improve Research Practices},
   journal = {J.\ of Syst.\ \& Softw.},
   volume = {116},
   pages = {133--145},
   year = {2016},
   type = {Journal Article}
   }

@article{Kamp07,
  title={A systematic review of effect size in software engineering experiments},
  author={Kampenes, V. and Dyb{\aa}, T. and Hannay, J. and Sj{\o}berg, D.},
  journal={Information and Software Technology},
  volume={49},
  number={11-12},
  pages={1073--1086},
  year={2007}
}

@article{Kitc02,
  title={Preliminary guidelines for empirical research in software engineering},
  author={Kitchenham, B. and Pfleeger, S. and Pickard, L. and Jones, P. and Hoaglin, D. and El Emam, K. and Rosenberg, J.},
  journal={IEEE Transactions on Software Engineering},
  volume={28},
  number={8},
  pages={721--734},
  year={2002}
}

@inproceedings{Kitc04,
   author = {Kitchenham, B. and Dyb{\aa}, T. and J{\o}rgensen, M.},
   title = {Evidence-based Software Engineering},
   booktitle = {26th IEEE International Conference on Software Engineering (ICSE 2004)},
   pages={273--281},
   publisher = {IEEE Computer Society},
   type = {Conference Proceedings},
   year={2004}
}

@book{Kitc15,
   author = {Kitchenham, B. and Budgen, D. and Brereton, P.},
   title = {Evidence-Based Software engineering and systematic reviews},
   publisher = {CRC Press},
   address = {Boca Raton, Fl, US},
   year = {2015},
   type = {Book}
}

@article{Kitc17,
  title={Robust statistical methods for empirical software engineering},
  author={Kitchenham, B. and Madeyski, L. and Budgen, D. and Keung, J. and Brereton, P. and Charters, S. and Gibbs, S. and Pohthong, A.},
  journal={Empirical Software Engineering},
  volume={22},
  number={2},
  pages={579--630},
  year={2017}
}

@article{Lake14,
  title={Sailing from the seas of chaos into the corridor of stability: Practical recommendations to increase the informational value of studies},
  author={Lakens, D. and Evers, E.},
  journal={Perspectives on Psychological Science},
  volume={9},
  number={3},
  pages={278--292},
  year={2014}
}

@article{Lake17,
  title={Equivalence tests: a practical primer for t tests, correlations, and meta-analyses},
  author={Lakens, D.},
  journal={Social Psychological and Personality Science},
  volume={8},
  number={4},
  pages={355--362},
  year={2017}
}

@inproceedings{Lieb08,
	Author = {Liebchen, G. and Shepperd, M.},
	Booktitle = {PROMISE 2008},
	Publisher = {ACM Press},
	Title = {Data Sets and Data Quality in Software Engineering},
	Type = {Conference Proceedings},
	Year = {2008}}

@inproceedings{Lieb16,
  title={Data sets and data quality in software engineering: Eight years on},
  author={Liebchen, G. and Shepperd, M.},
  booktitle={Proceedings of the 12th International Conference on Predictive Models and Data Analytics in Software Engineering},
  year={2016},
  organization={ACM}
}

@article{Loke17,
   author = {Loken, E. and Gelman, A.},
   title = {Measurement error and the replication crisis},
   journal = {Science},
   volume = {355},
   number = {6325},
   pages = {584--585},
   year = {2017},
   type = {Journal Article}
}

@article{Maxw08,
  title={Sample size planning for statistical power and accuracy in parameter estimation},
  author={Maxwell, S. and Kelley, K. and Rausch, J.},
  journal={Annual Review of Psychology},
  volume={59},
  pages={537--563},
  year={2008}
}

@article{McCl00,
  title={Increasing statistical power without increasing sample size.},
  author={McClelland, G.},
  year={2000},
  journal={American Psychologist},
  volume={55},
  number={8},
  pages={963--964}
}

@book{Mya09,
  title={Making sense of data II: A practical guide to data visualization, advanced data mining methods, and applications},
  author={Myatt, G. and Johnson, W.},
  year={2009},
  publisher={John Wiley \& Sons}
}

@article{runeson2009guidelines,
  title={Guidelines for conducting and reporting case study research in software engineering},
  author={Runeson, P. and H{\"o}st, M.},
  journal={Empirical Software Engineering},
  volume={2},
  number={14},
  pages={131--164},
  year={2009}
}

@incollection{Sjob08,
  title={Building theories in software engineering},
  author={Sj{\o}berg, D. and Dyb{\aa}, T. and Anda, B. and Hannay, J.},
  booktitle={Guide to advanced empirical software engineering},
  pages={312--336},
  year={2008},
  publisher={Springer}
}

@inproceedings{Stol13,
  title={Uncovering theories in software engineering},
  author={Stol, K-J. and Fitzgerald, B.},
  booktitle={2nd SEMAT Workshop on a General Theory of Software Engineering (GTSE)},
  pages={5--14},
  year={2013},
  organization={IEEE}
}

@article{shepperd12a,
  author =	 {M. J. Shepperd and S. G. MacDonell},
  title =	 {Evaluating prediction systems in software project estimation},
  journal =	 {Information {\&} Software Technology},
  volume =	 54,
  number =	 8,
  year =	 2012,
  pages =	 {820--827},
}

@inproceedings{kocharm13,
  author    = {E. Kocaguneli and
               T. Zimmermann and
               C. Bird and
               N. Nagappan and
               T. Menzies},
  title     = {Distributed development considered harmful?},
  booktitle = {ICSE},
  year      = {2013},
  pages     = {882-890},
  ee        = {http://dl.acm.org/citation.cfm?id=2486908},
  bibsource = {DBLP, http://dblp.uni-trier.de}
}

@article{kampenes07,
  author =	 {Vigdis By Kampenes and Tore Dyb{\aa} and Jo Erskine
                  Hannay and Dag I. K. Sj{\o}berg},
  title =	 {A systematic review of T size in software
                  engineering experiments},
  journal =	 {Information {\&} Software Technology},
  volume =	 49,
  number =	 {11-12},
  year =	 2007,
  pages =	 {1073-1086},
}

@book{efron93,
  author =	 "Efron, Bradley and Tibshirani, Robert J",
  title =	 "An Introduction to the Bootstrap",
  publisher =	 "Chapman and Hall",
  address =	 "London",
  series =	 "Mono. Stat. Appl. Probab.",
  year =	 1993,
}

@article{Beasley09,
author = {Beasley, T. and Erickson, S. and Allison, D.},
year = {2009},
month = {09},
pages = {580-595},
title = {Rank-Based Inverse Normal Transformations are Increasingly Used, But are They Merited?},
volume = {39},
journal = {Behavior Genetics}
}

@article{mittas2013ranking,
  title={Ranking and clustering software cost estimation models through a multiple comparisons algorithm},
  author={Mittas, N. and Angelis, L.},
  journal={IEEE Transactions on Software Engineering},
  volume={39},
  number={4},
  pages={537--551},
  year={2013},
  publisher={IEEE}
}

@article {mittas12,
  author =	 {Mittas, N. and Angelis, L.},
  title =	 {A permutation test based on regression error
                  characteristic curves for software cost estimation
                  models},
  journal =	 {Empirical Software Engineering},
  pages =	 {34--61},
  volume =	 17,
  issue =	 1,
  year =	 2012
}


@inproceedings{Lo2015,
  title={How practitioners perceive the relevance of software engineering research},
  author={Lo, D. and Nagappan, N. and Zimmermann, T.},
  booktitle={Proceedings of the 2015 10th Joint Meeting on Foundations of Software Engineering},
  pages={415--425},
  year={2015},
  organization={ACM}
}

@book{Shull:2007,
 author = {Shull, F. and Singer, J. and Sj{\o}berg, D. I.K.},
 title = {Guide to Advanced Empirical Software Engineering},
 year = {2007},
 isbn = {184800043X},
 publisher = {Springer-Verlag New York, Inc.},
 address = {Secaucus, NJ, USA},
} 

@inproceedings{huang2017supervised,
  title={Supervised vs unsupervised models: A holistic look at effort-aware just-in-time defect prediction},
  author={Huang, Qiao and Xia, Xin and Lo, David},
  booktitle={2017 IEEE International Conference on Software Maintenance and Evolution (ICSME)},
  pages={159--170},
  year={2017},
  organization={IEEE}
}


@article{Zhang:2007probs,
 author = {Zhang, H. and Zhang, X.},
 title = {Comments on "Data Mining Static Code Attributes to Learn Defect Predictors"},
 journal = {IEEE Trans. Softw. Eng.},
 issue_date = {September 2007},
 volume = {33},
 number = {9},
 month = sep,
 year = {2007},
 issn = {0098-5589},
 pages = {635--637},
 numpages = {3}, 
 acmid = {1314089},
 publisher = {IEEE Press},
 address = {Piscataway, NJ, USA},
 keywords = {accuracy measures, defect prediction, defect prediction, accuracy measures, static code attributes, empirical, empirical, static code attributes},
} 


@article{Menzies:2007b,
 author = {Menzies, T. and Dekhtyar, A. and Distefano, J. and Greenwald, J.},
 title = {Problems with Precision: A Response to "Comments on 'Data Mining Static Code Attributes to Learn Defect Predictors'"},
 journal = {IEEE Transactions on Software Engineering},
 issue_date = {September 2007},
 volume = {33},
 number = {9},
 month = sep,
 year = {2007},
 issn = {0098-5589},
 pages = {637--640},
 numpages = {4}, 
 acmid = {1314090},
 publisher = {IEEE Press},
 address = {Piscataway, NJ, USA},
} 


@article{Made17,
   author = {Madeyski, L. and Kitchenham, B.},
   title = {Would Wider Adoption of Reproducible Research be Beneficial for Empirical Software Engineering Research?},
   journal = {Journal of Intelligent \& Fuzzy Systems},
   volume = {32},
   pages = {1509--1521},
   year = {2017},
   type = {Journal Article}
}

@inproceedings{li18,
title={A Critical Review of `A Practical Guide to Select Quality Indicators for Assessing Pareto-Based Search Algorithms in Search-Based Software Engineering': Essay on Quality Indicator Selection for SBSE},
author={Li, M. and Chen, T. and Yao, X.},
year={2018},
booktitle={ICSE-NIER'18}
}

@inproceedings{Wang:2016,
 author = {Wang, S. and Ali, S. and Yue, T. and Li, Y. and Liaaen, M.},
 title = {A Practical Guide to Select Quality Indicators for Assessing Pareto-based Search Algorithms in Search-based Software Engineering},
 booktitle = {Proceedings of the 38th International Conference on Software Engineering},
 series = {ICSE '16},
 year = {2016},
 isbn = {978-1-4503-3900-1},
 location = {Austin, Texas},
 pages = {631--642},
 numpages = {12}, 
 acmid = {2884880},
 publisher = {ACM},
 address = {New York, NY, USA},
 keywords = {multi-objective software engineering problems, pareto-based search algorithms, practical guide, quality indicators},
} 



@ARTICLE{Lessmann08,
author={S. Lessmann and B. Baesens and C. Mues and S. Pietsch},
journal={IEEE Transactions on Software Engineering},
title={Benchmarking Classification Models for Software Defect Prediction: A Proposed Framework and Novel Findings},
year={2008},
volume={34},
number={4},
pages={485-496},
keywords={benchmark testing;software quality;statistical testing;benchmarking classification models;code attributes;fault-prone modules;metric-based classification;predictive classification models;proprietary data sets;software defect prediction;software quality;statistical testing procedures;testing efficiency;Complexity measures;Data mining;Formal methods;Statistical methods},
month={July},}

 
@inproceedings{Arcuri:2011,
 author = {Arcuri, A. and Briand, L.},
 title = {A Practical Guide for Using Statistical Tests to Assess Randomized Algorithms in Software Engineering},
 booktitle = {Proceedings of the 33rd International Conference on Software Engineering},
 series = {ICSE '11},
 year = {2011},
 isbn = {978-1-4503-0445-0},
 location = {Waikiki, Honolulu, HI, USA},
 pages = {1--10},
 numpages = {10}, 
 acmid = {1985795},
 publisher = {ACM},
 address = {New York, NY, USA},
 keywords = {bonferroni adjustment, confidence interval, effect size, non-parametric test, parametric test, statistical difference, survey, systematic review},
} 

[download]


@book{Manl97,
   author = {Manly, B.},
   title = {Randomization, Bootstrap and Monte Carlo Methods in Biology},
   publisher = {Chapman \& Hall},
   address = {London},
   year = {1997}
}

@article{li2009studya,
  title={A study of mutual information based feature selection for case based reasoning in software cost estimation},
  author={Li, Yan-Fu and Xie, Min and Goh, TN},
  journal={Expert Systems with Applications},
  volume={36},
  number={3},
  pages={5921--5931},
  year={2009},
  publisher={Elsevier}
}


@article{menzies2013learning,
  title={Learning project management decisions: a case study with case-based reasoning versus data farming},
  author={Menzies, Tim and Brady, Adam and Keung, Jacky and Hihn, Jairus and Williams, Steven and El-Rawas, Oussama and Green, Phillip and Boehm, Barry},
  journal={IEEE Transactions on Software Engineering},
  volume={39},
  number={12},
  pages={1698--1713},
  year={2013},
  publisher={IEEE}
}

@inproceedings{kirsopp2002search,
  title={Search heuristics, case-based reasoning and software project effort prediction},
  author={Kirsopp, Colin and Shepperd, Martin and Hart, John},
  booktitle={Proceedings of the 4th Annual Conference on Genetic and Evolutionary Computation},
  pages={1367--1374},
  year={2002},
  organization={Morgan Kaufmann Publishers Inc.}
}

@inproceedings{bach2012developing,
  title={Developing case-based reasoning applications using mycbr 3},
  author={Bach, Kerstin and Althoff, Klaus-Dieter},
  booktitle={International Conference on Case-Based Reasoning},
  pages={17--31},
  year={2012},
  organization={Springer}
}

article{li2009study,
  title={A study of project selection and feature weighting for analogy based software cost estimation},
  author={Li, Yan-Fu and Xie, Min and Goh, Thong Ngee},
  journal={Journal of Systems and Software},
  volume={82},
  number={2},
  pages={241--252},
  year={2009},
  publisher={Elsevier}
}

@inproceedings{Menzies:2011:ISE,
 author = {Menzies, Tim and Bird, Christian and Zimmermann, Thomas and Schulte, Wolfram and Kocaganeli, Ekrem},
 title = {The Inductive Software Engineering Manifesto: Principles for Industrial Data Mining},
 booktitle = {Proceedings of the International Workshop on Machine Learning Technologies in Software Engineering},
 series = {MALETS '11},
 year = {2011},
 isbn = {978-1-4503-1022-2},
 location = {Lawrence, Kansas, USA},
 pages = {19--26},
 numpages = {8},
 url = {http://doi.acm.org/10.1145/2070821.2070824},
 doi = {10.1145/2070821.2070824},
 acmid = {2070824},
 publisher = {ACM},
 address = {New York, NY, USA},
 keywords = {inductive engineering, industry},
} 

@article{Mitt13,
  title={Ranking and clustering software cost estimation models through a multiple comparisons algorithm},
  author={Mittas, N. and Angelis, L.},
  journal={IEEE Transactions on Software Engineering},
  volume={39},
  number={4},
  pages={537--551},
  year={2013}
}

@article{Muna17,
  title={A manifesto for reproducible science},
  author={Munaf{\`o}, M. and Nosek, B. and Bishop, D. and Button, K. and Chambers, C. and du Sert, N. and Simonsohn, U. and Wagenmakers, E. and Ware, J. and Ioannidis, J.},
  journal={Nature Human Behaviour},
  volume={1},
  pages={0021},
  year={2017}
}

@article{Nick98,
  title={Confirmation bias: A ubiquitous phenomenon in many guises.},
  author={Nickerson, R.},
  journal={Review of General Psychology},
  volume={2},
  number={2},
  pages={175--220},
  year={1998}
}

@article{Open15,
   author = {Open Science Collaboration, .},
   title = {Estimating the reproducibility of psychological science},
   journal = {Science},
   volume = {349},
   number = {6251},
   pages = {aac4716-3},
   year = {2015},
   type = {Journal Article}
}

@inproceedings{Rosl13,
  title={Can we trust our results? a mapping study on data quality},
  author={Rosli, M. and Tempero, E. and Luxton-Reilly, A.},
  booktitle={20th IEEE Asia-Pacific Software Engineering Conference (APSEC'13) },
  pages={116--123},
  year={2013}
}

@article{Salt00,
   author = {Saltelli, A. and Tarantola, S. and Campolongo, F.},
   title = {Sensitivity Analysis as an Ingredient of Modeling},
   journal = {Statistical Science},
   volume = {15},
   number = {4},
   pages = {377--395},
   year = {2000},
   type = {Journal Article}
}

@book{Schm14,
   author = {Schmidt, F.  and Hunter, J.},
   title = {Methods of Meta-Analysis: Correcting Error and Bias in Research Findings},
   publisher = {Sage Publications},
   edition = {3rd},
   year = {2014},
   type = {Book}
}

@book{Shad02,
   author = {Shadish, W. and Cook, T. and Campbell, D.},
   title = {Experimental and quasi-experimental designs for generalized causal inference},
   publisher = {Houghton Mifflin},
   address = {Boston},
   year = {2002},
   type = {Book}
}

@inproceedings{Shaw03,
  title={Writing good software engineering research papers},
  author={Shaw, M.},
  booktitle={25th IEEE International Conference on Software Engineering},
  pages={726--736},
  year={2003},
  organization={IEEE Computer Society}
}

@article{Shep14,
  title={Researcher bias: The use of machine learning in software defect prediction},
  author={Shepperd, M. and Bowes, D. and Hall, T.},
  journal={IEEE Transactions on Software Engineering},
  volume={40},
  number={6},
  pages={603--616},
  year={2014}
}

@article{Silb15,
  title={Many analysts, one dataset: Making transparent how variations in analytical choices affect results},
  author={Silberzahn, R. and Uhlmann, E. and Martin, D. and Anselmi, P. and Aust, F. and Awtrey, E. and Bahn{\'\i}k, {\v{S}}t{\v{e}}p{\'a}n and Bai, Feng and Bannard, Colin and Bonnier, Evelina and others},
  year={2017},
  publisher={PsyArXiv},
  url={https://osf.io/j5v8f}
}

@article{Simm11,
  title={False-positive psychology: Undisclosed flexibility in data collection and analysis allows presenting anything as significant},
  author={Simmons, J. and Nelson, L. and Simonsohn, U.},
  journal={Psychological science},
  volume={22},
  number={11},
  pages={1359--1366},
  year={2011}
}

@article{Smal16,
  title={The natural selection of bad science},
  author={Smaldino, P. and McElreath, R.},
  journal={Royal Society Open Science},
  volume={3},
  number={9},
  pages={160384},
  year={2016}
}

@article{lecun2015deep,
  title={Deep learning},
  author={LeCun, Yann and Bengio, Yoshua and Hinton, Geoffrey},
  journal={nature},
  volume={521},
  number={7553},
  pages={436},
  year={2015},
  publisher={Nature Publishing Group}
}


@inproceedings{Snoe12,
  title={Practical Bayesian Optimization of Machine Learning Algorithms},
  author={Snoek, J. and Larochelle, H. and Adams, R.},
  booktitle={Advances in Neural Information Processing Systems (NIPS 2012},
  pages={2951--2959},
  year={2012}
}

@article{Spen16,
   author = {Spence, J. and Stanley, D.},
   title = {Prediction Interval: What to Expect When You’re Expecting … A Replication},
   journal = {PLoS ONE},
   volume = {11},
   number = {9},
   pages = {e0162874},
   year = {2016},
   type = {Journal Article}
}

@article{Szuc17,
  title={Empirical assessment of published effect sizes and power in the recent cognitive neuroscience and psychology literature},
  author={Szucs, D. and Ioannidis, J.},
  journal={PLoS Biology},
  volume={15},
  number={3},
  pages={e2000797},
  year={2017}
}

@inproceedings{Thei17,
  title={Writing good software engineering research papers: revisited},
  author={Theisen, C. and Dunaiski, M. and Williams, L. and Visser, W.},
  booktitle={IEEE/ACM 39th International Conference on Software Engineering Companion (ICSE-C)},
  pages={402--402},
  year={2017},
  organization={IEEE}
}

@article{Whig15,
   author = {Whigham, P. and Owen, C. and Macdonell, S.},
   title = {A Baseline Model for Software Effort Estimation},
   journal = {ACM Transactions on Software Engineering and Methodology},
   volume = {24},
   number = {3},
   year = {2015},
   type = {Journal Article}
}

@Article{Storn1997,
author="Storn, Rainer
and Price, Kenneth",
title="Differential Evolution -- A Simple and Efficient Heuristic for global Optimization over Continuous Spaces",
journal="Journal of Global Optimization",
year="1997",
month="Dec",
day="01",
volume="11",
number="4",
pages="341--359",
abstract="A new heuristic approach for minimizing possiblynonlinear and non-differentiable continuous spacefunctions is presented. By means of an extensivetestbed it is demonstrated that the new methodconverges faster and with more certainty than manyother acclaimed global optimization methods. The newmethod requires few control variables, is robust, easyto use, and lends itself very well to parallelcomputation.",
issn="1573-2916",
}

@article{Wilc98,
  title={How many discoveries have been lost by ignoring modern statistical methods?},
  author={Wilcox, R.},
  journal={American Psychologist},
  volume={53},
  number={3},
  pages={300--314},
  year={1998}
}

@book{Wilc12,
   author = {Wilcox, R.},
   title = {Introduction to Robust Estimation and Hypothesis Testing},
   publisher = {Academic Press},
   edition = {3rd},
   year = {2012},
   type = {Book}
}

@book{Wohl12,
  title={Experimentation in software engineering},
  author={Wohlin, C. and Runeson, P. and H{\"o}st, M. and Ohlsson, M. and Regnell, B. and Wessl{\'e}n, A.},
  publisher={Springer Science \& Business Media},
  year={2012},
  edition={2nd}
}

@article{Zimm98,
  title={Invalidation of parametric and nonparametric statistical tests by concurrent violation of two assumptions},
  author={Zimmerman, D.},
  journal={The Journal of Experimental Education},
  volume={67},
  number={1},
  pages={55--68},
  year={1998}
}

@article{Hall:2012,
 author = {Hall, Tracy and Beecham, Sarah and Bowes, David and Gray, David and Counsell, Steve},
 title = {A Systematic Literature Review on Fault Prediction Performance in Software Engineering},
 journal = {IEEE Trans. Softw. Eng.},
 issue_date = {November 2012},
 volume = {38},
 number = {6},
 month = nov,
 year = {2012},
 issn = {0098-5589},
 pages = {1276--1304},
 numpages = {29}, 
 acmid = {2420790},
 publisher = {IEEE Press},
 address = {Piscataway, NJ, USA},
 keywords = {Predictive models,Context modeling,Software testing,Data models,Systematics,Analytical models,Fault diagnosis,software fault prediction,Systematic literature review},
} 



% End of Martin's refs

@article{efron1986bootstrap,
  title={Bootstrap methods for standard errors, confidence intervals, and other measures of statistical accuracy},
  author={Efron, B. and Tibshirani, R.},
  journal={Statistical science},
  pages={54--75},
  year={1986},
  publisher={JSTOR}
}
@article{beck1999bad,
  title={Bad smells in code},
  author={Beck, K. and Fowler, M. and Beck, G.},
  journal={Refactoring: Improving the design of existing code},
  pages={75--88},
  year={1999},
  publisher={Addison-Wesley Object Technology Series}
}
@article{hall2003benchmarking,
  title={Benchmarking attribute selection techniques for discrete class data mining},
  author={Hall, M. A and Holmes, G.},
  journal={IEEE Transactions on Knowledge and Data Engineering},
  volume={15},
  number={6},
  pages={1437--1447},
  year={2003},
  publisher={IEEE}
}
@article{rahulSEIP,
  author    = {R. Krishna and
               A. Agrawal and
               A. Rahman and
               A. Sobran and
               T. Menzies},
  title     = {What is the Connection Between Issues, Bugs, and Enhancements? (Lessons
               Learned from 800+ Software Projects)},
  journal   = {CoRR},
  volume    = {abs/1710.08736},
  year      = {2017},
  url       = {http://arxiv.org/abs/1710.08736},
  archivePrefix = {arXiv},
  eprint    = {1710.08736},
  timestamp = {Thu, 02 Nov 2017 14:25:36 +0100},
  biburl    = {http://dblp.org/rec/bib/journals/corr/abs-1710-08736},
  bibsource = {dblp computer science bibliography, http://dblp.org}
}
@article{amritSeip18b,
  author    = {A. Agrawal and
               A. Rahman and
               R. Krishna and
               A. Sobran and
               T. Menzies},
  title     = {We Don't Need Another Hero? The Impact of "Heroes" on Software Development},
  journal   = {CoRR},
  volume    = {abs/1710.09055},
  year      = {2017},
  url       = {http://arxiv.org/abs/1710.09055},
  archivePrefix = {arXiv},
  eprint    = {1710.09055},
  timestamp = {Thu, 02 Nov 2017 14:25:36 +0100},
  biburl    = {http://dblp.org/rec/bib/journals/corr/abs-1710-09055},
  bibsource = {dblp computer science bibliography, http://dblp.org}
}
@inproceedings{peters15,
  title={LACE2: Better privacy-preserving data sharing for cross project defect prediction},
  author={Peters, F. and Menzies, T. and Layman, L.},
  booktitle={Proceedings of the 37th International Conference on Software Engineering-Volume 1},
  pages={801--811},
  year={2015},
  organization={IEEE Press}
}
@article{bergstra2012random,
  title={Random search for hyper-parameter optimization},
  author={Bergstra, J. and Bengio, Y.},
  journal={Journal of Machine Learning Research},
  volume={13},
  number={Feb},
  pages={281--305},
  year={2012}
}
@article{Fu16,
  author    = {W. Fu and
               V. Nair and
               T. Menzies},
  title     = {Why is Differential Evolution Better than Grid Search for Tuning Defect
               Predictors?},
  journal   = {CoRR},
  volume    = {abs/1609.02613},
  year      = {2016},
  url       = {http://arxiv.org/abs/1609.02613},
  archivePrefix = {arXiv},
  eprint    = {1609.02613},
  timestamp = {Wed, 07 Jun 2017 14:43:02 +0200},
  biburl    = {http://dblp.org/rec/bib/journals/corr/FuNM16},
  bibsource = {dblp computer science bibliography, http://dblp.org}
}
@article{Lessmann08,
 author = {Lessmann, S. and Baesens, B. and Mues, C. and Pietsch, S.},
 title = {Benchmarking Classification Models for Software Defect Prediction: A Proposed Framework and Novel Findings},
 journal = {IEEE Trans. Softw. Eng.},
 issue_date = {July 2008},
 volume = {34},
 number = {4},
 month = jul,
 year = {2008},
 issn = {0098-5589},
 pages = {485--496},
 numpages = {12}, 
 acmid = {1446245},
 publisher = {IEEE Press},
 address = {Piscataway, NJ, USA},
 keywords = {Complexity measures, Complexity measures, Data mining, Formal methods, Statistical methods, Data mining, Formal methods, Statistical methods},
}
@article{tantithamthavorn2018impact,
  title={The Impact of Automated Parameter Optimization on Defect Prediction Models},
  author={Tantithamthavorn, C. and McIntosh, S. and Hassan, A. E and Matsumoto, K.},
  journal={IEEE Transactions on Software Engineering},
  year={2018},
  publisher={IEEE}
}
@inproceedings{tantithamthavorn2016automated,
  title={Automated parameter optimization of classification techniques for defect prediction models},
  author={Tantithamthavorn, C. and McIntosh, S. and Hassan, A. and Matsumoto, K.},
  booktitle={IEEE/ACM 38th International Conference on Software Engineering (ICSE 2016)},
  pages={321--332},
  year={2016},
  organization={IEEE}
}
@inproceedings{herodotou2011starfish,
  title={Starfish: A Self-tuning System for Big Data Analytics},
  author={Herodotou, H. and Lim, H. and Luo, G. and Borisov, N. and Dong, L. and Cetin, F. B. and Babu, S.},
  booktitle={Cidr},
  volume={11},
  number={2011},
  pages={261--272},
  year={2011}
}
@inproceedings{van2017automatic,
  title={Automatic database management system tuning through large-scale machine learning},
  author={Van Aken, D. and Pavlo, A. and Gordon, G. and Zhang, B.},
  booktitle={Proceedings of the 2017 ACM International Conference on Management of Data},
  pages={1009--1024},
  year={2017},
  organization={ACM}
}
@article{deb14,
  title={An evolutionary many-objective optimization algorithm using reference-point-based nondominated sorting approach, part I: Solving problems with box constraints.},
  author={Deb, K. and Jain, H.},
  journal={IEEE Trans. Evolutionary Computation},
  volume={18},
  number={4},
  pages={577--601},
  year={2014}
}
@article{zhang2007moea,
  title={MOEA/D: A multiobjective evolutionary algorithm based on decomposition},
  author={Zhang, Q. and Li, H.},
  journal={IEEE Transactions on Evolutionary Computation},
  volume={11},
  number={6},
  pages={712--731},
  year={2007},
  publisher={IEEE}
}
@inproceedings{sayyad2013,
  title={Pareto-optimal search-based software engineering (POSBSE): A literature survey},
  author={Sayyad, A. S. and Ammar, H.},
  booktitle={2nd International Workshop on Realizing Artificial Intelligence Synergies in Software Engineering (RAISE)},
  pages={21--27},
  year={2013},
  organization={IEEE}
}
@article{chen2005,
  title={Finding the right data for software cost modeling},
  author={Chen, Z. and Menzies, T. and Port, D. and Boehm, D.},
  journal={IEEE software},
  volume={22},
  number={6},
  pages={38--46},
  year={2005},
  publisher={IEEE}
}
@article{menzies07,
  title={Data mining static code attributes to learn defect predictors},
  author={Menzies, T. and Greenwald, J. and Frank, A.},
  journal={IEEE Transactions on Software Engineering},
  volume={33},
  number={1},
  pages={2--13},
  year={2007},
  publisher={IEEE}
}
@article{agrawal16,
  author    = {A. Agrawal and
               W. Fu and
               T. Menzies},
  title     = {What is Wrong with Topic Modeling? (and How to Fix it Using Search-based
               {SE)}},
  journal   = {CoRR},
  volume    = {abs/1608.08176},
  year      = {2016},
  url       = {http://arxiv.org/abs/1608.08176},
  archivePrefix = {arXiv},
  eprint    = {1608.08176},
  timestamp = {Wed, 07 Jun 2017 14:41:26 +0200},
  biburl    = {http://dblp.org/rec/bib/journals/corr/AgrawalFM16},
  bibsource = {dblp computer science bibliography, http://dblp.org}
}
@article{fu2016,
 author = {Fu, W. and Menzies, T. and Shen, X.},
 title = {Tuning for Software Analytics},
 journal = {Inf. Softw. Technol.},
 issue_date = {August 2016},
 volume = {76},
 number = {C},
 month = aug,
 year = {2016},
 issn = {0950-5849},
 pages = {135--146},
 numpages = {12}, 
 acmid = {2949126},
 publisher = {Butterworth-Heinemann},
 address = {Newton, MA, USA},
 keywords = {CART, Defect prediction, Differential evolution, Random forest, Search-based software engineering},
} 


@inproceedings{sarkar2015cost,
  title={Cost-efficient sampling for performance prediction of configurable systems (t)},
  author={Sarkar, Atri and Guo, Jianmei and Siegmund, Norbert and Apel, Sven and Czarnecki, Krzysztof},
  booktitle={Automated Software Engineering (ASE), 2015 30th IEEE/ACM International Conference on},
  pages={342--352},
  year={2015},
  organization={IEEE}
}

@article{AgrawalM17,
  author    = {Amritanshu Agrawal and
               Tim Menzies},
  title     = {"Better Data" is Better than "Better Data Miners" (Benefits of Tuning
               {SMOTE} for Defect Prediction)},
  journal   = {ICSE'18},
  year      = {2018},
}


@inproceedings{nair2018data,
  title={Data-Driven Search-based Software Engineering},
  author={Nair, Vivek and Agrawal, Amritanshu and Chen, Jianfeng and Fu, Wei and Mathew, George and Menzies, Tim and Minku, Leandro and Wagner, Markus and Yu, Zhe},
  booktitle={MSR'18},
  year={2018}
}

@inproceedings{fu2017easy,
  title={Easy over hard: A case study on deep learning},
  author={Fu, Wei and Menzies, Tim},
  booktitle={Proceedings of the 2017 11th Joint Meeting on Foundations of Software Engineering},
  pages={49--60},
  year={2017},
  organization={ACM}
}


@article{krishna18a,
  author    = {R. Krishna and
               T. Menzies},
  title     = {Simpler Transfer Learning (Using "Bellwethers")},
  journal   = {arXiv},
  volume    = {abs/1703.06218},
  year      = {2017},
  url       = {http://arxiv.org/abs/1703.06218}
  }
@article{chen2018,
  title={" Sampling" as a Baseline Optimizer for Search-based Software Engineering},
  author={Chen, J. and Nair, V. and Krishna, R. and Menzies, T.},
  journal={IEEE Transactions on Software Engineering},
  year={2018},
  publisher={IEEE}
}
@inproceedings{fu2017easy,
  title={Easy over hard: a case study on deep learning},
  author={Fu, W. and Menzies, T.},
  booktitle={Proceedings of the 2017 11th Joint Meeting on Foundations of Software Engineering},
  pages={49--60},
  year={2017},
  organization={ACM}
}
@inproceedings{hellendoorn2017,
  title={Are deep neural networks the best choice for modeling source code?},
  author={Hellendoorn, V. J and Devanbu, P.},
  booktitle={Proceedings of the 2017 11th Joint Meeting on Foundations of Software Engineering},
  pages={763--773},
  year={2017},
  organization={ACM}
}

@inproceedings{hindle2012,
  title={On the naturalness of software},
  author={Hindle, Abram and Barr, Earl T and Su, Zhendong and Gabel, Mark and Devanbu, Premkumar},
  booktitle={34th International Conference on Software Engineering (ICSE 2012)},
  pages={837--847},
  year={2012},
  organization={IEEE}
}
@inproceedings{ghotra2015,
  title={Revisiting the impact of classification techniques on the performance of defect prediction models},
  author={Ghotra, B. and McIntosh, S. and Hassan, A. E},
  booktitle={Proceedings of the 37th International Conference on Software Engineering-Volume 1},
  pages={789--800},
  year={2015},
  organization={IEEE Press}
}
@inproceedings{wilkinson2011,
  title={CHIRP: a new classifier based on composite hypercubes on iterated random projections},
  author={Wilkinson, L. and Anand, A. and Tuan, D. N.},
  booktitle={Proceedings of the 17th ACM SIGKDD international conference on Knowledge discovery and data mining},
  pages={6--14},
  year={2011},
  organization={ACM}
}
@inproceedings{kocaguneli2013,
  title={Distributed development considered harmful?},
  author={Kocaguneli, E. and Zimmermann, T. and Bird, C. and Nagappan, N. and Menzies, T.},
  booktitle={Software Engineering (ICSE), 2013 35th International Conference on},
  pages={882--890},
  year={2013},
  organization={IEEE}
}
@article{carver93,
  title={The case against statistical significance testing, revisited},
  author={Carver, R. P},
  journal={The Journal of Experimental Education},
  volume={61},
  number={4},
  publisher={Taylor \& Francis},
  pages={287--292},
  year={1993},
}
@inproceedings{fu2017,
  title={Revisiting unsupervised learning for defect prediction},
  author={Fu, W. and Menzies, T.},
  booktitle={Proceedings of the 2017 11th Joint Meeting on Foundations of Software Engineering},
  pages={72--83},
  year={2017},
  organization={ACM}
}
@misc{menzies12,
   author = {Menzies, T. and Shepperd, M.},
   title = {Editorial: Special issue on repeatable results in software engineering prediction},
   journal = {Empirical Software Engineering},
   volume = {17},
   number = {1--2},
   pages = {1--17}, 
   year = {2012},
   type = {Journal Article}
}

@article{shepperd13,
  title={Data quality: Some comments on the {NASA} software defect datasets},
  author={Shepperd, M. and Song, Q. and Sun, Z. and Mair, C.},
  journal={IEEE Transactions on Software Engineering},
  volume={39},
  number={9},
  pages={1208--1215},
  year={2013},
  publisher={IEEE}
}

@article{Krishna2016TheP,
  title={The 'BigSE' Project: Lessons Learned from Validating Industrial Text Mining},
  author={Rahul Krishna and Zhe Yu and Amritanshu Agrawal and Manuel Dominguez and David Wolf},
  journal={2016 IEEE/ACM 2nd International Workshop on Big Data Software Engineering (BIGDSE)},
  year={2016},
  pages={65-71}
}


@inproceedings{agrawal18,
  title={Is ``better data" better than ``better data miners"? On the benefits of tuning {SMOTE} for defect prediction},
  author={Agrawal, A. and Menzies, T.},
  booktitle={Proceedings of the 40th International Conference on Software Engineering},
  pages={1050--1061},
  year={2018},
  location = {Gothenburg, Sweden},
  organization={ACM}
}

@article{deb2005scalable,
  title={Scalable test problems for evolutionary multiobjective optimization},
  author={Deb, K. and Thiele, L. and Laumanns, M. and Zitzler, E.},
  journal={Evolutionary Multiobjective Optimization. Theoretical Advances and Applications},
  year={2005}
}

@article{huband2006review,
  title={A review of multiobjective test problems and a scalable test problem toolkit},
  author={Huband, S. and Hingston, P. and Barone, L. and While, L.},
  journal={IEEE Transactions on Evolutionary Computation},
  year={2006},
}


@inproceedings{buse2012information,
  title={Information needs for software development analytics},
  author={Buse, R. PL and Zimmermann, T.},
  booktitle={Proceedings of the 34th international conference on software engineering},
  pages={987--996},
  year={2012},
  organization={IEEE Press}
}
@inproceedings{zhang2011software,
  title={Software analytics as a learning case in practice: Approaches and experiences},
  author={Zhang, D. and Dang, Y. and Lou, J. and Han, S. and Zhang, H. and Xie, T.},
  booktitle={Proceedings of the International Workshop on Machine Learning Technologies in Software Engineering},
  pages={55--58},
  year={2011},
  organization={ACM}
}
@inproceedings{passos2011analyzing,
  title={Analyzing the impact of beliefs in software project practices},
  author={Passos, C. and Braun, A. P. and Cruzes, D. S and Mendonca, M.},
  booktitle={Empirical Software Engineering and Measurement (ESEM), 2011 International Symposium on},
  pages={444--452},
  year={2011},
  organization={IEEE}
}

@article{jorgensen2009impact,
  title={The impact of lessons-learned sessions on effort estimation and uncertainty assessments},
  author={J{\o}rgensen, M. and Gruschke, T. M},
  journal={IEEE Transactions on Software Engineering},
  volume={35},
  number={3},
  pages={368--383},
  year={2009},
  publisher={IEEE}
}

@inproceedings{devanbu2016belief,
  title={Belief \& evidence in empirical software engineering},
  author={Devanbu, P. and Zimmermann, T. and Bird, C.},
  booktitle={Software Engineering (ICSE), 2016 IEEE/ACM 38th International Conference on},
  pages={108--119},
  year={2016},
  organization={IEEE}
}

@article{zimmermann2005mining,
  title={Mining version histories to guide software changes},
  author={Zimmermann, T. and Zeller, A. and Weissgerber, P. and Diehl, S.},
  journal={IEEE Transactions on Software Engineering},
  volume={31},
  number={6},
  pages={429--445},
  year={2005},
  publisher={IEEE}
}

@article{ying2004predicting,
  title={Predicting source code changes by mining change history},
  author={Ying, A. TT and Murphy, G. C and Ng, R. and Chu-Carroll, M. C},
  journal={IEEE transactions on Software Engineering},
  volume={30},
  number={9},
  pages={574--586},
  year={2004},
  publisher={IEEE}
}



@book{Bird:2015,
 author = {Bird, Christian and Menzies, Tim and Zimmermann, Thomas},
 title = {The Art and Science of Analyzing Software Data},
 year = {2015},
 isbn = {0124115195, 9780124115194},
 edition = {1st},
 publisher = {Morgan Kaufmann Publishers Inc.},
 address = {San Francisco, CA, USA},
} 

@incollection{sawyer2013bi,
  title={BI’s Impact on Analyses and Decision Making Depends on the Development of Less Complex Applications},
  author={Sawyer, Robert},
  booktitle={Principles and Applications of Business Intelligence Research},
  pages={83--95},
  year={2013},
  publisher={IGI Global}
}

@article{tan2016defining,
  title={Defining and conceptualizing actionable insight: a conceptual framework for decision-centric analytics},
  author={Tan, Shiang-Yen and Chan, Taizan},
  journal={arXiv preprint arXiv:1606.03510},
  year={2016}
}
@Article{Co01,
   Author="Cowan, N. ",
   Title="{{T}he magical number 4 in short-term memory: a reconsideration of mental storage capacity}",
   Journal="Behav Brain Sci",
   Year="2001",
   Volume="24",
   Number="1",
   Pages="87--114",
   Month="Feb"
}

@article{gallego2013role,
  title={Role of electronic health records in comparative effectiveness research},
  author={Gallego, Blanca and Dunn, Adam G and Coiera, Enrico},
  journal={Journal of comparative effectiveness research},
  volume={2},
  number={6},
  pages={529--532},
  year={2013},
  publisher={Future Medicine}
}


@article{gallego2015bringing,
  title={Bringing cohort studies to the bedside: framework for a ‘green button’to support clinical decision-making},
  author={Gallego, Blanca and Walter, Scott R and Day, Richard O and Dunn, Adam G and Sivaraman, Vijay and Shah, Nigam and Longhurst, Christopher A and Coiera, Enrico},
  journal={Journal of comparative effectiveness research},
  volume={4},
  number={3},
  pages={191--197},
  year={2015},
  publisher={Future Medicine}
}


@inproceedings{Kim2016,
 author = {Kim, Miryung and Zimmermann, Thomas and DeLine, Robert and Begel, Andrew},
 title = {The Emerging Role of Data Scientists on Software Development Teams},
 booktitle = {Proceedings of the 38th International Conference on Software Engineering},
 series = {ICSE '16},
 year = {2016},
 isbn = {978-1-4503-3900-1},
 location = {Austin, Texas},
 pages = {96--107},
 numpages = {12}, 
 acmid = {2884783},
 publisher = {ACM},
 address = {New York, NY, USA},
} 

@misc{Hassan17,
author="A. Hassan",
title="Remarks made during a presentation to the UCL Crest Open Workshop",
month="March",
year=2017
}

@article{boehm2000cost,
  title={Cost estimation with COCOMO II},
  author={Boehm, Barry and Abts, Chris and Brown, A Winsor and Chulani, Sunita and Clark, Bradford K and Horowitz, Ellis and Madachy, Ray and Reifer, Donald J and Steece, Bert},
  journal={ed: Upper Saddle River, NJ: Prentice-Hall},
  year={2000}
}

@inproceedings{hassan2004predicting,
  title={Predicting change propagation in software systems},
  author={Hassan, A. E and Holt, R. C},
  booktitle={Software maintenance, 2004. proceedings. 20th ieee international conference on},
  pages={284--293},
  year={2004},
  organization={IEEE}
}

@Article{Holte1993,
author="Holte, R.C.",
title="Very Simple Classification Rules Perform Well on Most Commonly Used Datasets",
journal="Machine Learning",
year="1993",
month="Apr",
day="01",
volume="11",
number="1",
pages="63--90",
abstract="This article reports an empirical investigation of the accuracy of rules that classify examples on the basis of a single attribute. On most datasets studied, the best of these very simple rules is as accurate as the rules induced by the majority of machine learning systems. The article explores the implications of this finding for machine learning research and applications.",
issn="1573-0565", 
}

@inproceedings{Kim:2012:FSR:2393596.2393655,
 author = {Kim, Miryung and Zimmermann, Thomas and Nagappan, Nachiappan},
 title = {A Field Study of Refactoring Challenges and Benefits},
 booktitle = {Proceedings of the ACM SIGSOFT 20th International Symposium on the Foundations of Software Engineering},
 series = {FSE '12},
 year = {2012},
 isbn = {978-1-4503-1614-9},
 location = {Cary, North Carolina},
 pages = {50:1--50:11},
 articleno = {50},
 numpages = {11}, 
 acmid = {2393655},
 publisher = {ACM},
 address = {New York, NY, USA},
 keywords = {churn, component dependencies, defects, empirical study, refactoring, software evolution},
} 
[download]


@article{DBLP:journals/infsof/KrishnaML17,
  author    = {Rahul Krishna and
               Tim Menzies and
               Lucas Layman},
  title     = {Less is more: Minimizing code reorganization using {XTREE}},
  journal   = {Information {\&} Software Technology},
  volume    = {88},
  pages     = {53--66},
  year      = {2017}, 
  timestamp = {Wed, 14 Nov 2018 10:17:12 +0100},
  biburl    = {https://dblp.org/rec/bib/journals/infsof/KrishnaML17},
  bibsource = {dblp computer science bibliography, https://dblp.org}
}

@article{Menzies:2017:DIH:3128785.3128832,
 author = {Menzies, Tim and Nichols, William and Shull, Forrest and Layman, Lucas},
 title = {Are Delayed Issues Harder to Resolve? Revisiting Cost-to-fix of Defects Throughout the Lifecycle},
 journal = {Empirical Softw. Engg.},
 issue_date = {August    2017},
 volume = {22},
 number = {4},
 month = aug,
 year = {2017},
 issn = {1382-3256},
 pages = {1903--1935},
 numpages = {33}, 
 acmid = {3128832},
 publisher = {Kluwer Academic Publishers},
 address = {Hingham, MA, USA},
 keywords = {Cost to fix, Phase delay, Software economics},
} 
[download]

@inproceedings{Devanbu:2016:BEE:2884781.2884812,
 author = {Devanbu, Prem and Zimmermann, Thomas and Bird, Christian},
 title = {Belief \&\#38; Evidence in Empirical Software Engineering},
 booktitle = {Proceedings of the 38th International Conference on Software Engineering},
 series = {ICSE '16},
 year = {2016},
 isbn = {978-1-4503-3900-1},
 location = {Austin, Texas},
 pages = {108--119},
 numpages = {12}, 
 acmid = {2884812},
 publisher = {ACM},
 address = {New York, NY, USA},
} 


@inproceedings{montanez2013bounding,
  title={Bounding the number of favorable functions in stochastic search},
  author={Montanez, George D},
  booktitle={2013 IEEE Congress on Evolutionary Computation},
  pages={3019--3026},
  year={2013},
  organization={IEEE}
}

@ARTICLE{7592412, 
author={D. {Fucci} and H. {Erdogmus} and B. {Turhan} and M. {Oivo} and N. {Juristo}}, 
journal={IEEE Transactions on Software Engineering}, 
title={A Dissection of the Test-Driven Development Process: Does It Really Matter to Test-First or to Test-Last?}, 
year={2017}, 
volume={43}, 
number={7}, 
pages={597-614}, 
keywords={program testing;regression analysis;software engineering;test-driven development process;TDD technique;TDD iterative nature;sequencing characteristic;granularity characteristic;uniformity characteristic;refactoring effort characteristic;regression model;Testing;Productivity;Context;Companies;Sequential analysis;Conferences;Test-driven development;empirical investigation;process dimensions;external quality;productivity},  
month={July},}

@article{Li:2017,
 author = {Li, Lisha and Jamieson, Kevin and DeSalvo, Giulia and Rostamizadeh, Afshin and Talwalkar, Ameet},
 title = {Hyperband: A Novel Bandit-based Approach to Hyperparameter Optimization},
 journal = {J. Mach. Learn. Res.},
 issue_date = {January 2017},
 volume = {18},
 number = {1},
 month = jan,
 year = {2017},
 issn = {1532-4435},
 pages = {6765--6816},
 numpages = {52},
 url = {http://dl.acm.org/citation.cfm?id=3122009.3242042},
 acmid = {3242042},
 publisher = {JMLR.org},
 keywords = {deep learning, hyperparameter optimization, infinite-armed bandits, model selection, online optimization},
} 
[download]

@article{Wolpert:2013:USE,
 author = {Wolpert, David H.},
 title = {Ubiquity Symposium: Evolutionary Computation and the Processes of Life: What the No Free Lunch Theorems Really Mean: How to Improve Search Algorithms},
 journal = {Ubiquity},
 issue_date = {December 2013},
 volume = {2013},
 number = {December},
 month = dec,
 year = {2013},
 issn = {1530-2180},
 pages = {2:1--2:15},
 articleno = {2},
 numpages = {15},
 url = {http://doi.acm.org/10.1145/2555235.2555237},
 doi = {10.1145/2555235.2555237},
 acmid = {2555237},
 publisher = {ACM},
 address = {New York, NY, USA},
} 


@inproceedings{ray2014large,
  title={A large scale study of programming languages and code quality in github},
  author={Ray, Baishakhi and Posnett, Daryl and Filkov, Vladimir and Devanbu, Premkumar},
  booktitle={Proceedings of the 22nd ACM SIGSOFT International Symposium on Foundations of Software Engineering},
  pages={155--165},
  year={2014},
  organization={ACM}
}

@inproceedings{Nagappan:2015:ESG:2786805.2786834,
 author = {Nagappan, Meiyappan and Robbes, Romain and Kamei, Yasutaka and Tanter, \'{E}ric and McIntosh, Shane and Mockus, Audris and Hassan, Ahmed E.},
 title = {An Empirical Study of Goto in C Code from GitHub Repositories},
 booktitle = {Proceedings of the 2015 10th Joint Meeting on Foundations of Software Engineering},
 series = {ESEC/FSE 2015},
 year = {2015},
 isbn = {978-1-4503-3675-8},
 location = {Bergamo, Italy},
 pages = {404--414},
 numpages = {11},
 publisher = {ACM},
 address = {New York, NY, USA},
 keywords = {Dijkstra, Empirical SE, Github, Use of goto statements},
} 

@ARTICLE{879815, 
author={N. E. {Fenton} and N. {Ohlsson}}, 
journal={IEEE Transactions on Software Engineering}, 
title={Quantitative analysis of faults and failures in a complex software system}, 
year={2000}, 
volume={26}, 
number={8}, 
pages={797-814}, 
keywords={software performance evaluation;software metrics;software reliability;quantitative analysis;complex software system faults;quantitative study;commercial software system;basic software engineering hypotheses;Pareto principle;early fault data;failure data;software metrics;fault prediction;benchmarking;prerelease testing;module size;fault density;complexity metrics;failure-prone modules;operational use;counter-intuitive relationship;postrelease faults;fault-prone prerelease;fault-prone postrelease;fault density measure;data-points;software development process;Failure analysis;Software systems;Density measurement;Software engineering;Software testing;Computer industry;Benchmark testing;Programming;Software metrics;Phase measurement}, 
ISSN={0098-5589}, 
month={Aug},}


@inproceedings{rahman2014comparing,
  title={Comparing static bug finders and statistical prediction},
  author={Rahman, F. and Khatri, S. and Barr, E. T and Devanbu, P.},
  booktitle={Proceedings of the 36th International Conference on Software Engineering},
  pages={424--434},
  year={2014},
  organization={ACM}
}

@article{misirli2011ai,
  title={Ai-based software defect predictors: Applications and benefits in a case study},
  author={Misirli, A. T. and Bener, A. and Kale, R.},
  journal={AI Magazine},
  volume={32},
  number={2},
  pages={57--68},
  year={2011}
}

@article{kocaguneli2012value,
  title={On the value of ensemble effort estimation},
  author={Kocaguneli, E. and Menzies, T. and Keung, J. W},
  journal={IEEE Transactions on Software Engineering},
  volume={38},
  number={6},
  pages={1403--1416},
  year={2012},
  publisher={IEEE}
}

@article{turhan2009relative,
  title={On the relative value of cross-company and within-company data for defect prediction},
  author={Turhan, B. and Menzies, T. and Bener, A. B and Di Stefano, J.},
  journal={Empirical Software Engineering},
  volume={14},
  number={5},
  pages={540--578},
  year={2009},
  publisher={Springer}
}

@article{nam2017heterogeneous,
  title={Heterogeneous defect prediction},
  author={Nam, J. and Fu, W. and Kim, S. and Menzies, T. and Tan, L.},
  journal={IEEE Transactions on Software Engineering},
  year={2017},
  publisher={IEEE}
}

@inproceedings{hindle2012naturalness,
  title={On the naturalness of software},
  author={Hindle, A. and Barr, E. T and Su, Z. and Gabel, M. and Devanbu, P.},
  booktitle={Software Engineering (ICSE), 2012 34th International Conference on},
  pages={837--847},
  year={2012},
  organization={IEEE}
}

@inproceedings{murgia2014developers,
  title={Do developers feel emotions? an exploratory analysis of emotions in software artifacts},
  author={Murgia, A. and Tourani, P. and Adams, B. and Ortu, M.},
  booktitle={Proceedings of the 11th working conference on mining software repositories},
  pages={262--271},
  year={2014},
  organization={ACM}
}

@inproceedings{xu2016predicting,
  title={Predicting semantically linkable knowledge in developer online forums via convolutional neural network},
  author={Xu, B. and Ye, D. and Xing, Z. and Xia, X. and Chen, G. and Li, S.},
  booktitle={Proceedings of the 31st IEEE/ACM International Conference on Automated Software Engineering},
  pages={51--62},
  year={2016},
  organization={ACM}
}

@article{hayes2006advancing,
  title={Advancing candidate link generation for requirements tracing: The study of methods},
  author={Hayes, J. H. and Dekhtyar, A. and Sundaram, S. K.},
  journal={IEEE Transactions on Software Engineering},
  volume={32},
  number={1},
  pages={4--19},
  year={2006},
  publisher={IEEE}
}

@article{patil2012data,
  title={Data scientist: the sexiest job of the 21st century},
  author={Patil, THDJ and Davenport, T},
  journal={Harvard Business Review},
  year={2012}
}

@inproceedings{linares2015optimizing,
  title={Optimizing energy consumption of GUIs in Android apps: a multi-objective approach},
  author={Linares-V{\'a}squez, M. and Bavota, G. and C{\'a}rdenas, C. E. B. and Oliveto, R. and Di Penta, M. and Poshyvanyk, D.},
  booktitle={Proceedings of the 2015 10th Joint Meeting on Foundations of Software Engineering},
  pages={143--154},
  year={2015},
  organization={ACM}
}

@inproceedings{galhotra2017fairness,
  title={Fairness testing: testing software for discrimination},
  author={Galhotra, S. and Brun, Y. and Meliou, A.},
  booktitle={Proceedings of the 2017 11th Joint Meeting on Foundations of Software Engineering},
  pages={498--510},
  year={2017},
  organization={ACM}
}

@article{burnett2016gendermag,
  title={GenderMag: A method for evaluating software's gender inclusiveness},
  author={Burnett, M. and Stumpf, S. and Macbeth, J. and Makri, S. and Beckwith, L. and Kwan, I. and Peters, A. and Jernigan, W.},
  journal={Interacting with Computers},
  volume={28},
  number={6},
  pages={760--787},
  year={2016},
  publisher={Oxford University Press}
}

@article{lumpe2012learning,
  title={Learning better inspection optimization policies},
  author={Lumpe, M. and Vasa, R. and Menzies, T. and Rush, R. and Turhan, B.},
  journal={International Journal of Software Engineering and Knowledge Engineering},
  volume={22},
  number={05},
  pages={621--644},
  year={2012},
  publisher={World Scientific}
}

@inproceedings{Zimmermann04,
 author = {Zimmermann, T. and Weisgerber, P. and Diehl, S. and Zeller, A.},
 title = {Mining Version Histories to Guide Software Changes},
 booktitle = {Proceedings of the 26th International Conference on Software Engineering},
 series = {ICSE '04},
 year = {2004},
 isbn = {0-7695-2163-0},
 pages = {563--572},
 numpages = {10},
 url = {http://dl.acm.org/citation.cfm?id=998675.999460},
 acmid = {999460},
 publisher = {IEEE Computer Society},
 address = {Washington, DC, USA},
} 


@article{FuMS16x,
  author    = {W. Fu and
               T. Menzies and
               X. Shen},
  title     = {Tuning for Software Analytics: is it Really Necessary?},
  journal   = {CoRR},
  volume    = {abs/1609.01759},
  year      = {2016},
  url       = {http://arxiv.org/abs/1609.01759},
  archivePrefix = {arXiv},
  eprint    = {1609.01759},
  timestamp = {Wed, 07 Jun 2017 14:40:36 +0200},
  biburl    = {http://dblp.org/rec/bib/journals/corr/FuMS16},
  bibsource = {dblp computer science bibliography, http://dblp.org}
}

@article{Nuseibeh13,
  author    = {Bashar N.},
  title     = {Editorial: State of the Journal},
  journal   = {{IEEE} Trans. Software Eng.},
  volume    = {39},
  number    = {2},
  pages     = {145--146},
  year      = {2013},
  timestamp = {Wed, 17 May 2017 10:56:38 +0200},
  biburl    = {http://dblp.org/rec/bib/journals/tse/Nuseibeh13},
  bibsource = {dblp computer science bibliography, http://dblp.org}
}

@article{MathewAM16, %XXX update to 2018?
  author    = {G. Mathew and
               A. Agrawal and
               T. Menzies},
  title     = {Trends in Topics at {SE} Conferences {(1993-2013)}},
  journal   = {CoRR},
  volume    = {abs/1608.08100},
  year      = {2016},
  url       = {http://arxiv.org/abs/1608.08100},
  archivePrefix = {arXiv},
  eprint    = {1608.08100},
  timestamp = {Mon, 18 Dec 2017 15:54:04 +0100},
  biburl    = {http://dblp.org/rec/bib/journals/corr/MathewAM16},
  bibsource = {dblp computer science bibliography, http://dblp.org}
}


@ARTICLE{zhang08, 
author={H. Zhang}, 
journal={IEEE Transactions on Software Engineering}, 
title={On the Distribution of Software Faults}, 
year={2008}, 
volume={34}, 
number={2}, 
pages={301-302}, 
keywords={Pareto analysis;Weibull distribution;Pareto principle;Weibull distribution;large software systems;software faults distribution;Measurement applied to SQA and V&V;Product metrics}, 
month={March},}

@ARTICLE{little13,  
author={B. Littlewood and A. Povyakalo}, 
journal={IEEE Transactions on Software Engineering}, 
title={Conservative Bounds for the pfd of a 1-out-of-2 Software-Based System Based on an Assessor's Subjective Probability of #x0022;Not Worse Than Independence #x0022;}, 
year={2013}, 
volume={39}, 
number={12}, 
pages={1641-1653}, 
keywords={probability;software reliability;1-out-of-2 software-based system reliability;assessor subjective probability;channel probabilities of failure on demand;conservative bounds;conservative posterior system PFD;formal footing;not worse than independence;Cognition;Failure analysis;Fault tolerant systems;Phase frequency detector;Reliability engineering;Software reliability;1-out-of-2 system;System reliability;dependent failures;software fault tolerance;subjective probability}, 
month={Dec},}


@ARTICLE{little97,  
author={B. Littlewood and D. Wright}, 
journal={IEEE Transactions on Software Engineering}, 
title={Some conservative stopping rules for the operational testing of safety critical software}, 
year={1997}, 
volume={23}, 
number={11}, 
pages={673-683}, 
keywords={Bayes methods;program testing;safety-critical software;software fault tolerance;statistical analysis;Bayesian stopping rules;conservative stopping rules;failure-free;operational software testing;quantitative measures;safety critical software;software reliability;statistical testing;test case generation;Battery powered vehicles;Bayesian methods;Licenses;Phase frequency detector;Protection;Regulators;Software measurement;Software safety;Software testing;System testing}, 
month={Nov},}

@article{bird2009does,
  title={Does distributed development affect software quality?: an empirical case study of windows vista},
  author={Bird, C. and Nagappan, N. and Devanbu, P. and Gall, H. and Murphy, B.},
  journal={Communications of the ACM},
  volume={52},
  number={8},
  pages={85--93},
  year={2009},
  publisher={ACM}
}

@ARTICLE{MacDonell10, 
author={S. MacDonell and M. Shepperd and B. Kitchenham and E. Mendes}, 
journal={IEEE Transactions on Software Engineering}, 
title={How Reliable Are Systematic Reviews in Empirical Software Engineering?}, 
year={2010}, 
volume={36}, 
number={5}, 
pages={676-687}, 
keywords={software cost estimation;software reviews;empirical software engineering;research instrument;software cost estimation;systematic review reliability;Best practices;Computer science;Costs;Instruments;Mathematics;Robustness;Software engineering;Stability;Empirical software engineering;cost estimation.;meta-analysis;systematic review}, 
month={Sept},}

@inproceedings{rodeghero2014improving,
  title={Improving automated source code summarization via an eye-tracking study of programmers},
  author={Rodeghero, P. and McMillan, C. and McBurney, P. W and Bosch, N. and D'Mello, S.},
  booktitle={Proceedings of the 36th International Conference on Software Engineering},
  pages={390--401},
  year={2014},
  organization={ACM}
}

@article{breiman2001statistical,
  title={Statistical modeling: The two cultures (with comments and a rejoinder by the author)},
  author={Breiman, Leo and others},
  journal={Statistical science},
  volume={16},
  number={3},
  pages={199--231},
  year={2001},
  publisher={Institute of Mathematical Statistics}
}

@inproceedings{fritz2014using,
  title={Using psycho-physiological measures to assess task difficulty in software development},
  author={Fritz, T. and Begel, A. and M{\"u}ller, S. C and Yigit-Elliott, S. and Z{\"u}ger, M.},
  booktitle={Proceedings of the 36th international conference on software engineering},
  pages={402--413},
  year={2014},
  organization={ACM}
}

@article{wilson2017good,
  title={Good enough practices in scientific computing},
  author={Wilson, G. and Bryan, J. and Cranston, K. and Kitzes, J. and Nederbragt, L. and Teal, T. K},
  journal={PLoS computational biology},
  volume={13},
  number={6},
  pages={e1005510},
  year={2017},
  publisher={Public Library of Science}
}

@inproceedings{brickell2008cost,
  title={The cost of privacy: destruction of data-mining utility in anonymized data publishing},
  author={Brickell, J. and Shmatikov, V.},
  booktitle={Proceedings of the 14th ACM SIGKDD international conference on Knowledge discovery and data mining},
  pages={70--78},
  year={2008},
  organization={ACM}
}

@inproceedings{peters2015lace2,
  title={LACE2: Better privacy-preserving data sharing for cross project defect prediction},
  author={Peters, F. and Menzies, T. and Layman, L.},
  booktitle={Proceedings of the 37th International Conference on Software Engineering-Volume 1},
  pages={801--811},
  year={2015},
  organization={IEEE Press}
}

@article{li2017multiple,
  title={On the Multiple Sources and Privacy Preservation Issues for Heterogeneous Defect Prediction},
  author={Li, Z. and Jing, X. and Zhu, X. and Zhang, H. and Xu, B. and Ying, S.},
  journal={IEEE Transactions on Software Engineering},
  year={2017},
  publisher={IEEE}
}

@inproceedings{ray2016naturalness,
  title={On the naturalness of buggy code},
  author={Ray, B. and Hellendoorn, V. and Godhane, S. and Tu, Z. and Bacchelli, A. and Devanbu, P.},
  booktitle={Proceedings of the 38th International Conference on Software Engineering},
  pages={428--439},
  year={2016},
  organization={ACM}
}

@inproceedings{krishna2016too,
  title={Too much automation? The bellwether effect and its implications for transfer learning},
  author={Krishna, R. and Menzies, T. and Fu, W.},
  booktitle={Proceedings of the 31st IEEE/ACM International Conference on Automated Software Engineering},
  pages={122--131},
  year={2016},
  organization={ACM}
}

@article{kocaguneli2013active,
  title={Active learning and effort estimation: Finding the essential content of software effort estimation data},
  author={Kocaguneli, E. and Menzies, T. and Keung, J. and Cok, D. and Madachy, R.},
  journal={IEEE Transactions on software engineering},
  volume={39},
  number={8},
  pages={1040--1053},
  year={2013},
  publisher={IEEE}
}

@article{minku2013ensembles,
  title={Ensembles and locality: Insight on improving software effort estimation},
  author={Minku, L. L and Yao, X.},
  journal={Information and Software Technology},
  volume={55},
  number={8},
  pages={1512--1528},
  year={2013},
  publisher={Elsevier}
}


@online{website,
  author = { },
  title = {Artifact Review and Badging},
  year = 2016,
  url = {https://www.acm.org/publications/policies/artifact-review-badging}
}